<record><leader>00000cas a22000007a 4500</leader><controlfield tag="001">12330013</controlfield><controlfield tag="008">850731d18511855nyuwr ne      0    0wel d</controlfield><datafield ind1=" " ind2=" " tag="010"><subfield code="a">sn 85026670 </subfield></datafield><datafield ind1=" " ind2=" " tag="040"><subfield code="a">NPX</subfield><subfield code="b">eng</subfield><subfield code="c">NPX</subfield><subfield code="d">HUL</subfield><subfield code="d">NYS</subfield><subfield code="d">OCL</subfield><subfield code="d">OCLCQ</subfield><subfield code="d">OCLCF</subfield><subfield code="d">OCLCO</subfield></datafield><datafield ind1="1" ind2=" " tag="029"><subfield code="a">AU@</subfield><subfield code="b">000020233969</subfield></datafield><datafield ind1=" " ind2=" " tag="042"><subfield code="a">msc</subfield></datafield><datafield ind1=" " ind2=" " tag="043"><subfield code="a">n-us---</subfield></datafield><datafield ind1="0" ind2=" " tag="130"><subfield code="a">Drych (New York, N.Y. : 1851)</subfield></datafield><datafield ind1="0" ind2="4" tag="242"><subfield code="a">The Mirror</subfield><subfield code="y">eng</subfield></datafield><datafield ind1="1" ind2="2" tag="245"><subfield code="a">Y Drych.</subfield></datafield><datafield ind1=" " ind2=" " tag="260"><subfield code="a">New-York [N.Y.] :</subfield><subfield code="b">John M. Jones</subfield></datafield><datafield ind1=" " ind2=" " tag="300"><subfield code="a">v.</subfield></datafield><datafield ind1=" " ind2=" " tag="310"><subfield code="a">Weekly</subfield></datafield><datafield ind1="1" ind2=" " tag="362"><subfield code="a">Began with Jan. 2, 1851 issue.</subfield><subfield code="z">Cf. Memorial hist. of Utica, N.Y., 1892.</subfield></datafield><datafield ind1="1" ind2=" " tag="362"><subfield code="a">Ceased in 1855.</subfield></datafield><datafield ind1=" " ind2=" " tag="500"><subfield code="a">"The only Welsh weekly newspaper in America."</subfield></datafield><datafield ind1=" " ind2=" " tag="546"><subfield code="a">In Welsh.</subfield></datafield><datafield ind1=" " ind2=" " tag="588"><subfield code="a">Description based on: Cyf. 3, rhif. 29 (Gorf. 23, 1853).</subfield></datafield><datafield ind1=" " ind2="0" tag="650"><subfield code="a">Welsh</subfield><subfield code="z">United States</subfield><subfield code="v">Newspapers.</subfield></datafield><datafield ind1=" " ind2="7" tag="655"><subfield code="a">Newspapers.</subfield><subfield code="2">fast</subfield><subfield code="0">(OCoLC)fst01423814</subfield></datafield><datafield ind1=" " ind2="7" tag="650"><subfield code="a">Welsh.</subfield><subfield code="2">fast</subfield><subfield code="0">(OCoLC)fst01173757</subfield></datafield><datafield ind1=" " ind2="7" tag="651"><subfield code="a">United States.</subfield><subfield code="2">fast</subfield><subfield code="0">(OCoLC)fst01204155</subfield></datafield><datafield ind1=" " ind2=" " tag="752"><subfield code="a">United States</subfield><subfield code="b">New York</subfield><subfield code="c">New York</subfield><subfield code="d">New York.</subfield></datafield><datafield ind1="0" ind2="7" tag="785"><subfield code="t">Gwyliedydd Americanaidd</subfield><subfield code="w">(DLC)sn 93063894</subfield></datafield><datafield ind1="0" ind2="7" tag="785"><subfield code="t">Drych a'r gwyliedydd</subfield><subfield code="w">(DLC)sn 85026669</subfield></datafield><datafield ind1=" " ind2=" " tag="850"><subfield code="a">MH</subfield></datafield></record>